<record><leader>00000cas a22000007a 4500</leader><controlfield tag="001">10504002</controlfield><controlfield tag="008">840309d18301832aluzr ne      0   b0eng d</controlfield><datafield ind1=" " ind2=" " tag="010"><subfield code="a">sn 84025762 </subfield></datafield><datafield ind1=" " ind2=" " tag="040"><subfield code="a">NPV</subfield><subfield code="b">eng</subfield><subfield code="c">NPV</subfield><subfield code="d">NPX</subfield><subfield code="d">NVF</subfield><subfield code="d">OCLCQ</subfield></datafield><datafield ind1=" " ind2=" " tag="042"><subfield code="a">msc</subfield></datafield><datafield ind1="0" ind2=" " tag="130"><subfield code="a">Mobile commercial register for the country (Mobile, Ala. : 1830)</subfield></datafield><datafield ind1="1" ind2="0" tag="245"><subfield code="a">Mobile commercial register for the country.</subfield></datafield><datafield ind1=" " ind2=" " tag="260"><subfield code="a">Mobile, Ala. :</subfield><subfield code="b">T. Sanford</subfield></datafield><datafield ind1=" " ind2=" " tag="300"><subfield code="a">v.</subfield></datafield><datafield ind1=" " ind2=" " tag="310"><subfield code="a">Frequency varies</subfield></datafield><datafield ind1="1" ind2=" " tag="362"><subfield code="a">Began in 1830? Ceased in Oct. 1832.</subfield><subfield code="z">Cf. Gregory, W. Amer. newspapers.</subfield></datafield><datafield ind1=" " ind2=" " tag="588"><subfield code="a">Description based on: Vol. 11, no. 47 (May 12, 1832).</subfield></datafield><datafield ind1=" " ind2=" " tag="752"><subfield code="a">United States</subfield><subfield code="b">Alabama</subfield><subfield code="c">Mobile</subfield><subfield code="d">Mobile.</subfield></datafield><datafield ind1="0" ind2=" " tag="775"><subfield code="t">Mobile commercial register (Mobile, Ala. : 1821)</subfield><subfield code="w">(DLC)sn 84020222</subfield></datafield><datafield ind1="0" ind2=" " tag="775"><subfield code="t">Mobile commercial register (Mobile, Ala. : Weekly)</subfield><subfield code="w">(DLC)sn 84023531</subfield></datafield><datafield ind1="0" ind2="0" tag="780"><subfield code="t">Commercial register for the country</subfield><subfield code="w">(DLC)sn 84023533</subfield></datafield><datafield ind1="0" ind2="7" tag="785"><subfield code="t">Patriot (Mobile, Ala)</subfield><subfield code="w">(DLC)sn 84023542</subfield></datafield><datafield ind1="0" ind2="7" tag="785"><subfield code="t">Mobile com. register and patriot (for the country)</subfield><subfield code="w">(DLC)sn 85025910</subfield></datafield><datafield ind1="1" ind2=" " tag="029"><subfield code="a">AU@</subfield><subfield code="b">000025837895</subfield></datafield></record>